@manual{KafkaManual,
    title        = "Apache Kafka Documentation",
    author       = "{Apache Software Foundation}",
    organization = "Apache Software Foundation",
    address      = "https://kafka.apache.org/documentation/", 
    edition      = "Latest version",
    year         = "2023",
    month        = "October"
}

@manual{FlinkManual,
    title        = "Apache Flink Documentation",
    author       = "{Apache Software Foundation}",
    organization = "Apache Flink Project",
    address      = "https://nightlies.apache.org/flink/flink-docs-stable/", 
    edition      = "Version 2.0",
    year         = "2024",
    month        = "December"
}

@manual{SparkManual,
    title        = "Apache Spark Documentation",
    author       = "{Apache Software Foundation}",
    organization = "Apache Spark Project",
    address      = "https://spark.apache.org/docs/latest/", 
    edition      = "Version 3.5",
    year         = "2024",
    month        = "November"
}

@manual{StormManual,
    title        = "Apache Storm Documentation",
    author       = "{Apache Software Foundation}",
    organization = "Apache Storm Project",
    address      = "https://storm.apache.org/documentation/", 
    edition      = "Latest",
    year         = "2023",
    month        = "August"
}

@manual{KafkaStreamsManual,
    title        = "Kafka Streams Documentation",
    author       = "{Confluent Inc.}",
    organization = "Confluent Platform Documentation",
    address      = "https://docs.confluent.io/platform/current/streams/index.html", 
    edition      = "Confluent Platform 7.3",
    year         = "2023",
    month        = "July"
}

@manual{KubernetesManual,
    title        = "Kubernetes Documentation",
    author       = "{Cloud Native Computing Foundation}",
    organization = "Kubernetes Project",
    address      = "https://kubernetes.io/docs/", 
    edition      = "v1.28",
    year         = "2024",
    month        = "March"
}

@manual{VKBotManual,
    title        = "vkbottle Documentation",
    author       = "{Mikhail Borisov}",
    organization = "GitHub Repository",
    address      = "https://vkbottle.readthedocs.io/ru/latest/", 
    edition      = "v3.5.0",
    year         = "2024",
    month        = "July"
}

@manual{ElasticsearchManual,
    title        = "Elasticsearch Reference Documentation",
    author       = "{Elastic B.V.}",
    organization = "Elastic",
    address      = "https://www.elastic.co/docs/solutions/search", 
    edition      = "v8.11",
    year         = "2023",
    month        = "December"
}

@manual{CassandraManual,
    title        = "Apache Cassandra Documentation",
    author       = "{Apache Software Foundation}",
    organization = "Apache Cassandra Project",
    address      = "https://cassandra.apache.org/doc/latest/", 
    edition      = "4.1",
    year         = "2024",
    month        = "January"
}

@book{ZahariaBook,
    author    = "Zaharia, Martin and Wenkel, Benjamin",
    title     = "Designing Data-Intensive Applications",
    publisher = "O'Reilly Media",
    year      = "2021"
}

@book{KarauBook,
    author    = "Karau, Holden and Konwinski, Andy and Wendell, Patrick and Zaharia, Matei",
    title     = "Learning Spark: Lightning-Fast Big Data Analysis",
    publisher = "O’Reilly Media",
    year      = "2022"
}

@book{GourleyBook,
    author    = "Gourley, David and Totty, Brian",
    title     = "High Performance Browser Networking",
    publisher = "O’Reilly Media",
    year      = "2013"
}

@book{NarkhedeBook,
    author    = "Narkhede, Neha and Pitt, Brandon and Shapira, Gwen",
    title     = "Kafka: The Definitive Guide",
    publisher = "O’Reilly Media",
    year      = "2017"
}

@book{FriedmanBook,
    author    = "Friedman, Tyler and Akidau, Tyler and Chernyak, Slava",
    title     = "Streaming Systems: The What, Where, When, and How of Large-Scale Data Processing",
    publisher = "O’Reilly Media",
    year      = "2018"
}

@book{ChappellBook,
    author    = "Chappell, David and Richardson, Mark",
    title     = "Enterprise Integration Patterns",
    publisher = "Addison-Wesley",
    year      = "2003"
}

@book{KimBook,
    author    = "Kim, Gene and Humble, Jez and Debois, Patrick and Willis, John",
    title     = "Accelerate: Building and Scaling High Performing Technology Organizations",
    publisher = "IT Revolution Press",
    year      = "2018"
}

@book{LeskovecBook,
    author    = "Leskovec, Jure and Rajaraman, Anand and Ullman, Jeffrey D.",
    title     = "Mining of Massive Datasets",
    publisher = "Cambridge University Press",
    year      = "2020"
}

@book{FarooqBook,
    author    = "Farooq, Muhammad Umar and Asghar, Muhammad Rizwan and Ahmad, Waqas and Khan, Asad Waqar",
    title     = "Social Media Analytics: Mining, Modeling, and Visualization of Big Data",
    publisher = "Institute of Electrical and Electronics Engineers (IEEE)",
    year      = "2021"
}

@book{KrepsBook,
    author    = "Kreps, Jay",
    title     = "I love Logs: Ideas from the Founders of Kafka, Samza, and Crest",
    publisher = "O’Reilly Media",
    year      = "2014"
}

@article{RedHatKafkaArticle,
    author    = "{Red Hat}",
    title     = "What is Apache Kafka?",
    journal   = "Red Hat Product Documentation",
    year      = "2022",
    month     = "October"
}

@article{FlinkDecodableArticle,
    author    = "{Decodable Inc.}",
    title     = "Introduction to Apache Flink and Stream Processing",
    journal   = "Decodable Blog",
    year      = "2022",
    month     = "December"
}

@article{KafkaSpiceworksArticle,
    author    = "{Spiceworks}",
    title     = "What Is Kafka? Architecture and Uses Explained",
    journal   = "Spiceworks Technology Network",
    year      = "2022",
    month     = "July"
}

@article{KafkaUseCasesArticle,
    author    = "{Upsolver}",
    title     = "Apache Kafka Use Cases: When To Use It? When Not To?",
    journal   = "Upsolver Engineering Blog",
    year      = "2023",
    month     = "January"
}

@article{FlinkRealWorld,
    author    = "{Apache Software Foundation}",
    title     = "Потоковая обработка данных с Apache Flink",
    journal   = "PDF-книга / Руководство",
    year      = "2021"
}

@book{BigDataClouds,
    author    = "{Anonymous}",
    title     = "Работа с BigData в облаках. Обработка и хранение",
    publisher = "Эко-Пресс",
    year      = "2021"
}

@book{KafkaProcessingBook,
    author    = "{Anonymous}",
    title     = "Apache Kafka: потоковая обработка и анализ данных",
    publisher = "Диалектика",
    year      = "2022"
}

@manual{K8sBeginnersGuideManual,
    title        = "Kubernetes Documentation: Official Guide",
    author       = "{Kubernetes Contributors}",
    organization = "Cloud Native Computing Foundation (CNCF)",
    address      = "https://kubernetes.io/docs/home/", 
    edition      = "2025 Edition",
    year         = "2025",
    month        = "June"
}

@book{SaiyanK8sBook,
    author    = "Сайфан Джиджи",
    title     = "Осваиваем Kubernetes: Оркестрация контейнерных архитектур",
    publisher = "Manning Publications",
    year      = "2019"
}

@book{SamsanovK8sBook,
    author    = "Самсонов, Алексей",
    title     = "Kubernetes для разработчиков",
    publisher = "ДМК Пресс",
    year      = "2021"
}

@book{BilginK8sBook,
    author    = "Билджин Ибрам и Роланд Хасс",
    title     = "Паттерны Kubernetes",
    publisher = "O’Reilly Media",
    year      = "2020"
}

@book{LearnK8sBook,
    author    = "Proust, Daniel",
    title     = "The Kubernetes Book",
    publisher = "Apress",
    year      = "2017"
}